@Manual{R-bookdown,
  title = {bookdown: Authoring Books and Technical Documents with R Markdown},
  author = {Yihui Xie},
  year = {2021},
  note = {R package version 0.24},
  url = {https://CRAN.R-project.org/package=bookdown},
}

@Manual{R-car,
  title = {car: Companion to Applied Regression},
  author = {John Fox and Sanford Weisberg and Brad Price},
  year = {2021},
  note = {R package version 3.0-11},
  url = {https://CRAN.R-project.org/package=car},
}

@Manual{R-dplyr,
  title = {dplyr: A Grammar of Data Manipulation},
  author = {Hadley Wickham and Romain François and Lionel Henry and Kirill Müller},
  year = {2022},
  note = {R package version 1.0.10},
  url = {https://CRAN.R-project.org/package=dplyr},
}

@Manual{R-foreign,
  title = {foreign: Read Data Stored by Minitab, S, SAS, SPSS, Stata,
Systat, Weka, dBase, ...},
  author = {{R Core Team}},
  year = {2020},
  note = {R package version 0.8-81},
  url = {https://svn.r-project.org/R-packages/trunk/foreign/},
}

@Manual{R-ggplot2,
  title = {ggplot2: Create Elegant Data Visualisations Using the Grammar of Graphics},
  author = {Hadley Wickham and Winston Chang and Lionel Henry and Thomas Lin Pedersen and Kohske Takahashi and Claus Wilke and Kara Woo and Hiroaki Yutani and Dewey Dunnington},
  year = {2021},
  note = {R package version 3.3.5},
  url = {https://CRAN.R-project.org/package=ggplot2},
}

@Manual{R-glmnet,
  title = {glmnet: Lasso and Elastic-Net Regularized Generalized Linear Models},
  author = {Jerome Friedman and Trevor Hastie and Rob Tibshirani and Balasubramanian Narasimhan and Kenneth Tay and Noah Simon},
  year = {2021},
  note = {R package version 4.1-2},
  url = {https://CRAN.R-project.org/package=glmnet},
}

@Manual{R-knitr,
  title = {knitr: A General-Purpose Package for Dynamic Report Generation in R},
  author = {Yihui Xie},
  year = {2021},
  note = {R package version 1.33},
  url = {https://yihui.org/knitr/},
}

@Manual{R-lattice,
  title = {lattice: Trellis Graphics for R},
  author = {Deepayan Sarkar},
  year = {2021},
  note = {R package version 0.20-44},
  url = {http://lattice.r-forge.r-project.org/},
}

@Manual{R-leaps,
  title = {leaps: Regression Subset Selection},
  author = {Thomas Lumley},
  year = {2020},
  note = {R package version 3.1},
  url = {https://CRAN.R-project.org/package=leaps},
}

@Manual{R-lmtest,
  title = {lmtest: Testing Linear Regression Models},
  author = {Torsten Hothorn and Achim Zeileis and Richard W. Farebrother and Clint Cummins},
  year = {2020},
  note = {R package version 0.9-38},
  url = {https://CRAN.R-project.org/package=lmtest},
}

@Manual{R-MASS,
  title = {MASS: Support Functions and Datasets for Venables and Ripley's MASS},
  author = {Brian Ripley},
  year = {2021},
  note = {R package version 7.3-54},
  url = {http://www.stats.ox.ac.uk/pub/MASS4/},
}

@Manual{R-mgcv,
  title = {mgcv: Mixed GAM Computation Vehicle with Automatic Smoothness
Estimation},
  author = {Simon Wood},
  year = {2021},
  note = {R package version 1.8-36},
  url = {https://CRAN.R-project.org/package=mgcv},
}

@Manual{R-RcmdrMisc,
  title = {RcmdrMisc: R Commander Miscellaneous Functions},
  author = {John Fox},
  year = {2020},
  note = {R package version 2.7-1},
  url = {https://CRAN.R-project.org/package=RcmdrMisc},
}

@Manual{R-rmarkdown,
  title = {rmarkdown: Dynamic Documents for R},
  author = {JJ Allaire and Yihui Xie and Jonathan McPherson and Javier Luraschi and Kevin Ushey and Aron Atkins and Hadley Wickham and Joe Cheng and Winston Chang and Richard Iannone},
  year = {2021},
  note = {R package version 2.10},
  url = {https://CRAN.R-project.org/package=rmarkdown},
}

@Manual{R-tidyr,
  title = {tidyr: Tidy Messy Data},
  author = {Hadley Wickham and Maximilian Girlich},
  year = {2022},
  note = {R package version 1.2.1},
  url = {https://CRAN.R-project.org/package=tidyr},
}

@Book{bookdown2016,
  title = {bookdown: Authoring Books and Technical Documents with {R} Markdown},
  author = {Yihui Xie},
  publisher = {Chapman and Hall/CRC},
  address = {Boca Raton, Florida},
  year = {2016},
  note = {ISBN 978-1138700109},
  url = {https://bookdown.org/yihui/bookdown},
}

@Book{car2019,
  title = {An {R} Companion to Applied Regression},
  edition = {Third},
  author = {John Fox and Sanford Weisberg},
  year = {2019},
  publisher = {Sage},
  address = {Thousand Oaks {CA}},
  url = {https://socialsciences.mcmaster.ca/jfox/Books/Companion/},
}

@Book{ggplot22016,
  author = {Hadley Wickham},
  title = {ggplot2: Elegant Graphics for Data Analysis},
  publisher = {Springer-Verlag New York},
  year = {2016},
  isbn = {978-3-319-24277-4},
  url = {https://ggplot2.tidyverse.org},
}

@Article{glmnet2010,
  title = {Regularization Paths for Generalized Linear Models via Coordinate Descent},
  author = {Jerome Friedman and Trevor Hastie and Robert Tibshirani},
  journal = {Journal of Statistical Software},
  year = {2010},
  volume = {33},
  number = {1},
  pages = {1--22},
  url = {https://www.jstatsoft.org/v33/i01/},
}

@Article{glmnet2011,
  title = {Regularization Paths for Cox's Proportional Hazards Model via Coordinate Descent},
  author = {Noah Simon and Jerome Friedman and Trevor Hastie and Rob Tibshirani},
  journal = {Journal of Statistical Software},
  year = {2011},
  volume = {39},
  number = {5},
  pages = {1--13},
  url = {https://www.jstatsoft.org/v39/i05/},
}

@Book{knitr2015,
  title = {Dynamic Documents with {R} and knitr},
  author = {Yihui Xie},
  publisher = {Chapman and Hall/CRC},
  address = {Boca Raton, Florida},
  year = {2015},
  edition = {2nd},
  note = {ISBN 978-1498716963},
  url = {https://yihui.org/knitr/},
}

@InCollection{knitr2014,
  booktitle = {Implementing Reproducible Computational Research},
  editor = {Victoria Stodden and Friedrich Leisch and Roger D. Peng},
  title = {knitr: A Comprehensive Tool for Reproducible Research in {R}},
  author = {Yihui Xie},
  publisher = {Chapman and Hall/CRC},
  year = {2014},
  note = {ISBN 978-1466561595},
  url = {http://www.crcpress.com/product/isbn/9781466561595},
}

@Book{lattice2008,
  title = {Lattice: Multivariate Data Visualization with R},
  author = {Deepayan Sarkar},
  publisher = {Springer},
  address = {New York},
  year = {2008},
  note = {ISBN 978-0-387-75968-5},
  url = {http://lmdvr.r-forge.r-project.org},
}

@Article{lmtest2002,
  title = {Diagnostic Checking in Regression Relationships},
  author = {Achim Zeileis and Torsten Hothorn},
  journal = {R News},
  year = {2002},
  volume = {2},
  number = {3},
  pages = {7--10},
  url = {https://CRAN.R-project.org/doc/Rnews/},
}

@Book{MASS2002,
  title = {Modern Applied Statistics with S},
  author = {W. N. Venables and B. D. Ripley},
  publisher = {Springer},
  edition = {Fourth},
  address = {New York},
  year = {2002},
  note = {ISBN 0-387-95457-0},
  url = {https://www.stats.ox.ac.uk/pub/MASS4/},
}

@Article{mgcv2011,
  title = {Fast stable restricted maximum likelihood and marginal 
likelihood estimation of semiparametric generalized linear models},
  journal = {Journal of the Royal Statistical Society (B)},
  volume = {73},
  number = {1},
  pages = {3-36},
  year = {2011},
  author = {S. N. Wood},
}

@Article{mgcv2016,
  title = {Smoothing parameter and model selection for general smooth models (with discussion)},
  author = {S.N. Wood and {N.} and {Pya} and B. S{"a}fken},
  journal = {Journal of the American Statistical Association},
  year = {2016},
  pages = {1548-1575},
  volume = {111},
}

@Article{mgcv2004,
  title = {Stable and efficient multiple smoothing parameter estimation for 
         generalized additive models},
  journal = {Journal of the American Statistical Association},
  volume = {99},
  number = {467},
  pages = {673-686},
  year = {2004},
  author = {S. N. Wood},
}

@Book{mgcv2017,
  title = {Generalized Additive Models: An Introduction with R},
  year = {2017},
  author = {S.N Wood},
  edition = {2},
  publisher = {Chapman and Hall/CRC},
}

@Article{mgcv2003,
  title = {Thin-plate regression splines},
  journal = {Journal of the Royal Statistical Society (B)},
  volume = {65},
  number = {1},
  pages = {95-114},
  year = {2003},
  author = {S. N. Wood},
}

@Book{rmarkdown2018,
  title = {R Markdown: The Definitive Guide},
  author = {Yihui Xie and J.J. Allaire and Garrett Grolemund},
  publisher = {Chapman and Hall/CRC},
  address = {Boca Raton, Florida},
  year = {2018},
  note = {ISBN 9781138359338},
  url = {https://bookdown.org/yihui/rmarkdown},
}

@Book{rmarkdown2020,
  title = {R Markdown Cookbook},
  author = {Yihui Xie and Christophe Dervieux and Emily Riederer},
  publisher = {Chapman and Hall/CRC},
  address = {Boca Raton, Florida},
  year = {2020},
  note = {ISBN 9780367563837},
  url = {https://bookdown.org/yihui/rmarkdown-cookbook},
}

